<record><leader>00000cas a22000007a 4500</leader><controlfield tag="001">16893877</controlfield><controlfield tag="008">871023d19361954njuwr ne      0    0eng d</controlfield><datafield ind1=" " ind2=" " tag="010"><subfield code="a">sn 87068208 </subfield></datafield><datafield ind1=" " ind2=" " tag="040"><subfield code="a">NJW</subfield><subfield code="b">eng</subfield><subfield code="c">NJW</subfield><subfield code="d">OCLCQ</subfield></datafield><datafield ind1=" " ind2=" " tag="042"><subfield code="a">msc</subfield></datafield><datafield ind1="0" ind2="0" tag="245"><subfield code="a">Raritan Township and Fords beacon.</subfield></datafield><datafield ind1="3" ind2="0" tag="246"><subfield code="a">Raritan Township-Fords beacon</subfield></datafield><datafield ind1=" " ind2=" " tag="260"><subfield code="a">Fords, N.J. :</subfield><subfield code="b">Elmer J. Vecsey,</subfield><subfield code="c">1936-</subfield></datafield><datafield ind1=" " ind2=" " tag="310"><subfield code="a">Weekly</subfield></datafield><datafield ind1="0" ind2=" " tag="362"><subfield code="a">Vol. 1, no. 1 (Mar. 6, 1936)-v. 16, no. 40 (Nov. 11, 1954).</subfield></datafield><datafield ind1=" " ind2=" " tag="500"><subfield code="a">Published in Woodbridge, N.J., Oct. 2, 1942-Nov. 11, 1954.</subfield></datafield><datafield ind1=" " ind2=" " tag="752"><subfield code="a">United States</subfield><subfield code="b">New Jersey</subfield><subfield code="c">Middlesex</subfield><subfield code="d">Fords.</subfield></datafield><datafield ind1=" " ind2=" " tag="752"><subfield code="a">United States</subfield><subfield code="b">New Jersey</subfield><subfield code="c">Middlesex</subfield><subfield code="d">Raritan.</subfield></datafield><datafield ind1=" " ind2=" " tag="752"><subfield code="a">United States</subfield><subfield code="b">New Jersey</subfield><subfield code="c">Middlesex</subfield><subfield code="d">Woodbridge.</subfield></datafield><datafield ind1="0" ind2="0" tag="785"><subfield code="t">Edison Township and Fords beacon</subfield><subfield code="w">(DLC)sn 88071386</subfield></datafield></record>